@Book{royden:realanalysis,
author = {H.L. Royden},
ALTeditor = {},
title = {Real Analysis},
publisher = {Prentice Hall},
year = {1988},
OPTkey = {},
OPTvolume = {},
OPTnumber = {},
OPTseries = {},
OPTaddress = {},
OPTedition = {3},
OPTmonth = {},
OPTnote = {},
OPTannote = {}
}

@Article{velocityprimer,
author = {Lyle N. Long and Howard Weiss},
title = {The Velocity Dependence of Aerodynamic Drag: A Primer for Mathematicians},
journal = {American Mathematical Monthly},
year = {1999},
OPTkey = {},
OPTvolume = {106},
OPTnumber = {2},
OPTpages = {127-135},
OPTmonth = {},
OPTnote = {},
OPTannote = {}
}

@Book{rudin:pma,
author = {Walter Rudin},
ALTeditor = {},
title = {Principles of Mathematical Analysis},
publisher = {McGraw Hill Companies, The},
year = {1976},
OPTkey = {},
OPTvolume = {},
OPTnumber = {},
OPTseries = {},
OPTaddress = {},
edition = {3},
OPTmonth = {},
OPTnote = {},
OPTannote = {}
}

@Book{rudin:realandcomplexanalysis,
author = {Walter Rudin},
ALTeditor = {},
title = {Real And Complex Analysis},
publisher = {McGraw-Hill Companies, The},
year = {1986},
OPTkey = {},
OPTvolume = {},
OPTnumber = {},
OPTseries = {},
OPTaddress = {},
edition = {3},
OPTmonth = {},
OPTnote = {},
OPTannote = {}
}

@Book{strang:linearalgebra,
author = {Gilbert Strang},
ALTeditor = {},
title = {Linear Algebra and Its Applications},
publisher = {Cengage Learning},
year = {2005},
OPTkey = {},
OPTvolume = {},
OPTnumber = {},
OPTseries = {},
OPTaddress = {},
edition = {4},
OPTmonth = {},
OPTnote = {},
OPTannote = {}
}
